<record><leader>00000cas a22000007a 4500</leader><controlfield tag="001">9302044</controlfield><controlfield tag="008">830311d18351840mauwr ne      0    0eng d</controlfield><datafield ind1=" " ind2=" " tag="010"><subfield code="a">sn 83020224 </subfield></datafield><datafield ind1=" " ind2=" " tag="040"><subfield code="a">NPX</subfield><subfield code="b">eng</subfield><subfield code="c">NPX</subfield><subfield code="d">DLC</subfield><subfield code="d">MGN</subfield><subfield code="d">OCLCQ</subfield><subfield code="d">BUF</subfield><subfield code="d">OCLCQ</subfield></datafield><datafield ind1=" " ind2=" " tag="042"><subfield code="a">msc</subfield></datafield><datafield ind1=" " ind2=" " tag="043"><subfield code="a">n-us-ma</subfield></datafield><datafield ind1="0" ind2="0" tag="050"><subfield code="a">Newspaper 8160-X</subfield></datafield><datafield ind1="1" ind2="4" tag="050"><subfield code="a">AN201</subfield><subfield code="b">.Y44</subfield></datafield><datafield ind1="0" ind2=" " tag="130"><subfield code="a">Yeoman's gazette (Concord, Mass. : 1835)</subfield></datafield><datafield ind1="1" ind2="0" tag="245"><subfield code="a">Yeoman's gazette.</subfield></datafield><datafield ind1=" " ind2=" " tag="260"><subfield code="a">Concord, Mass. :</subfield><subfield code="b">Geo. F. Bemis,</subfield><subfield code="c">-1840.</subfield></datafield><datafield ind1=" " ind2=" " tag="300"><subfield code="a">v. ;</subfield><subfield code="c">60 cm.</subfield></datafield><datafield ind1=" " ind2=" " tag="310"><subfield code="a">Weekly</subfield></datafield><datafield ind1="1" ind2=" " tag="362"><subfield code="a">Began in 1835.</subfield></datafield><datafield ind1="0" ind2=" " tag="362"><subfield code="a">-v. 24, no. 36 (July 18, 1840).</subfield></datafield><datafield ind1=" " ind2=" " tag="500"><subfield code="a">Whig.</subfield></datafield><datafield ind1=" " ind2=" " tag="500"><subfield code="a">Publishers: Elbridge Gerry Jefts (George F. Bemis, prop.), &lt;1837-1838&gt;; Elbridge Gerry Jefts, &lt;1838&gt;; Thomas L. Scates, &lt;1838&gt;; William S. Robinson, &lt;1839&gt;-1840.</subfield></datafield><datafield ind1=" " ind2=" " tag="588"><subfield code="a">Description based on: Vol. 21, no. 7 (Dec. 26, 1835).</subfield></datafield><datafield ind1=" " ind2=" " tag="752"><subfield code="a">United States</subfield><subfield code="b">Massachusetts</subfield><subfield code="c">Middlesex</subfield><subfield code="d">Concord.</subfield></datafield><datafield ind1="0" ind2="0" tag="780"><subfield code="t">Yeoman's gazette and Middlesex Whig</subfield><subfield code="w">(DLC)sn 83020223</subfield></datafield><datafield ind1="0" ind2="0" tag="785"><subfield code="t">Republican (Concord, Mass.)</subfield><subfield code="w">(DLC)sn 83020214</subfield></datafield></record>